@article{Smith2021,
  author  = {John Smith and Jane Doe},
  title   = {Load Balancing in Distributed Systems},
  journal = {Journal of Parallel Computing},
  year    = {2021},
  volume  = {37},
  pages   = {123-136},
}

@book{Wang2019,
  author    = {王伟},
  title     = {分布式系统原理与实践},
  publisher = {清华大学出版社},
  year      = {2019},
}
